@ARTICLE{2013ApJ...773...14R,
   author = {{Ross}, N.~P. and {McGreer}, I.~D. and {White}, M. and {Richards}, G.~T. and 
	{Myers}, A.~D. and {Palanque-Delabrouille}, N. and {Strauss}, M.~A. and 
	{Anderson}, S.~F. and {Shen}, Y. and {Brandt}, W.~N. and {Y{\`e}che}, C. and 
	{Swanson}, M.~E.~C. and {Aubourg}, {\'E}. and {Bailey}, S. and 
	{Bizyaev}, D. and {Bovy}, J. and {Brewington}, H. and {Brinkmann}, J. and 
	{DeGraf}, C. and {Di Matteo}, T. and {Ebelke}, G. and {Fan}, X. and 
	{Ge}, J. and {Malanushenko}, E. and {Malanushenko}, V. and {Mandelbaum}, R. and 
	{Maraston}, C. and {Muna}, D. and {Oravetz}, D. and {Pan}, K. and 
	{P{\^a}ris}, I. and {Petitjean}, P. and {Schawinski}, K. and 
	{Schlegel}, D.~J. and {Schneider}, D.~P. and {Silverman}, J.~D. and 
	{Simmons}, A. and {Snedden}, S. and {Streblyanska}, A. and {Suzuki}, N. and 
	{Weinberg}, D.~H. and {York}, D.},
    title = "{The SDSS-III Baryon Oscillation Spectroscopic Survey: The Quasar Luminosity Function from Data Release Nine}",
  journal = {\apj},
archivePrefix = "arXiv",
   eprint = {1210.6389},
 keywords = {cosmology: observations, galaxies: active, galaxies: luminosity function, mass function, quasars: general, surveys},
     year = 2013,
    month = aug,
   volume = 773,
      eid = {14},
    pages = {14},
      doi = {10.1088/0004-637X/773/1/14},
   adsurl = {http://adsabs.harvard.edu/abs/2013ApJ...773...14R},
  adsnote = {Provided by the SAO/NASA Astrophysics Data System}
}

@ARTICLE{2006AJ....131.2766R,
   author = {{Richards}, G.~T. and {Strauss}, M.~A. and {Fan}, X. and {Hall}, P.~B. and 
	{Jester}, S. and {Schneider}, D.~P. and {Vanden Berk}, D.~E. and 
	{Stoughton}, C. and {Anderson}, S.~F. and {Brunner}, R.~J. and 
	{Gray}, J. and {Gunn}, J.~E. and {Ivezi{\'c}}, {\v Z}. and {Kirkland}, M.~K. and 
	{Knapp}, G.~R. and {Loveday}, J. and {Meiksin}, A. and {Pope}, A. and 
	{Szalay}, A.~S. and {Thakar}, A.~R. and {Yanny}, B. and {York}, D.~G. and 
	{Barentine}, J.~C. and {Brewington}, H.~J. and {Brinkmann}, J. and 
	{Fukugita}, M. and {Harvanek}, M. and {Kent}, S.~M. and {Kleinman}, S.~J. and 
	{Krzesi{\'n}ski}, J. and {Long}, D.~C. and {Lupton}, R.~H. and 
	{Nash}, T. and {Neilsen}, Jr., E.~H. and {Nitta}, A. and {Schlegel}, D.~J. and 
	{Snedden}, S.~A.},
    title = "{The Sloan Digital Sky Survey Quasar Survey: Quasar Luminosity Function from Data Release 3}",
  journal = {\aj},
   eprint = {astro-ph/0601434},
 keywords = {Cosmology: Observations, Galaxies: Active, Galaxies: Luminosity Function, Mass Function, Galaxies: Quasars: General, Surveys},
     year = 2006,
    month = jun,
   volume = 131,
    pages = {2766-2787},
      doi = {10.1086/503559},
   adsurl = {http://adsabs.harvard.edu/abs/2006AJ....131.2766R},
  adsnote = {Provided by the SAO/NASA Astrophysics Data System}
}

@ARTICLE{2000MNRAS.311..433P,
   author = {{Page}, M.~J. and {Carrera}, F.~J.},
    title = "{An improved method of constructing binned luminosity functions}",
  journal = {\mnras},
   eprint = {astro-ph/9909434},
 keywords = {GALAXIES: EVOLUTION, GALAXIES: LUMINOSITY FUNCTION, MASS FUNCTION, QUASARS: GENERAL},
     year = 2000,
    month = jan,
   volume = 311,
    pages = {433-440},
      doi = {10.1046/j.1365-8711.2000.03105.x},
   adsurl = {http://adsabs.harvard.edu/abs/2000MNRAS.311..433P},
  adsnote = {Provided by the SAO/NASA Astrophysics Data System}
}

@ARTICLE{1999astro.ph..5116H,
   author = {{Hogg}, D.~W.},
    title = "{Distance measures in cosmology}",
  journal = {ArXiv Astrophysics e-prints},
   eprint = {astro-ph/9905116},
 keywords = {Astrophysics},
     year = 1999,
    month = may,
   adsurl = {http://adsabs.harvard.edu/abs/1999astro.ph..5116H},
  adsnote = {Provided by the SAO/NASA Astrophysics Data System}
}

@ARTICLE{2013ApJ...768..105M,
   author = {{McGreer}, I.~D. and {Jiang}, L. and {Fan}, X. and {Richards}, G.~T. and 
	{Strauss}, M.~A. and {Ross}, N.~P. and {White}, M. and {Shen}, Y. and 
	{Schneider}, D.~P. and {Myers}, A.~D. and {Brandt}, W.~N. and 
	{DeGraf}, C. and {Glikman}, E. and {Ge}, J. and {Streblyanska}, A.
	},
    title = "{The z = 5 Quasar Luminosity Function from SDSS Stripe 82}",
  journal = {\apj},
archivePrefix = "arXiv",
   eprint = {1212.4493},
 keywords = {quasars: general},
     year = 2013,
    month = may,
   volume = 768,
      eid = {105},
    pages = {105},
      doi = {10.1088/0004-637X/768/2/105},
   adsurl = {http://adsabs.harvard.edu/abs/2013ApJ...768..105M},
  adsnote = {Provided by the SAO/NASA Astrophysics Data System}
}

@ARTICLE{2011ApJ...728L..26G,
   author = {{Glikman}, E. and {Djorgovski}, S.~G. and {Stern}, D. and {Dey}, A. and 
	{Jannuzi}, B.~T. and {Lee}, K.-S.},
    title = "{The Faint End of the Quasar Luminosity Function at z \~{} 4: Implications for Ionization of the Intergalactic Medium and Cosmic Downsizing}",
  journal = {\apjl},
archivePrefix = "arXiv",
   eprint = {1101.0537},
 keywords = {cosmology: observations, galaxies: luminosity function, mass function, large-scale structure of universe, quasars: general, surveys},
     year = 2011,
    month = feb,
   volume = 728,
      eid = {L26},
    pages = {L26},
      doi = {10.1088/2041-8205/728/2/L26},
   adsurl = {http://adsabs.harvard.edu/abs/2011ApJ...728L..26G},
  adsnote = {Provided by the SAO/NASA Astrophysics Data System}
}

@ARTICLE{2009MNRAS.392...19C,
   author = {{Croom}, S.~M. and {Richards}, G.~T. and {Shanks}, T. and {Boyle}, B.~J. and 
	{Sharp}, R.~G. and {Bland-Hawthorn}, J. and {Bridges}, T. and 
	{Brunner}, R.~J. and {Cannon}, R. and {Carson}, D. and {Chiu}, K. and 
	{Colless}, M. and {Couch}, W. and {de Propris}, R. and {Drinkwater}, M.~J. and 
	{Edge}, A. and {Fine}, S. and {Loveday}, J. and {Miller}, L. and 
	{Myers}, A.~D. and {Nichol}, R.~C. and {Outram}, P. and {Pimbblet}, K. and 
	{Roseboom}, I. and {Ross}, N. and {Schneider}, D.~P. and {Smith}, A. and 
	{Stoughton}, C. and {Strauss}, M.~A. and {Wake}, D.},
    title = "{The 2dF-SDSS LRG and QSO Survey: the spectroscopic QSO catalogue}",
  journal = {\mnras},
archivePrefix = "arXiv",
   eprint = {0810.4955},
 keywords = {catalogues , surveys , white dwarfs , galaxies: active , quasars: general , galaxies: Seyfert},
     year = 2009,
    month = jan,
   volume = 392,
    pages = {19-44},
      doi = {10.1111/j.1365-2966.2008.14052.x},
   adsurl = {http://adsabs.harvard.edu/abs/2009MNRAS.392...19C},
  adsnote = {Provided by the SAO/NASA Astrophysics Data System}
}

@ARTICLE{2016ApJ...829...33Y,
   author = {{Yang}, J. and {Wang}, F. and {Wu}, X.-B. and {Fan}, X. and 
	{McGreer}, I.~D. and {Bian}, F. and {Yi}, W. and {Yang}, Q. and 
	{Ai}, Y. and {Dong}, X. and {Zuo}, W. and {Green}, R. and {Jiang}, L. and 
	{Wang}, S. and {Wang}, R. and {Yue}, M.},
    title = "{A Survey of Luminous High-redshift Quasars with SDSS and WISE. II. the Bright End of the Quasar Luminosity Function at z {\ap} 5}",
  journal = {\apj},
archivePrefix = "arXiv",
   eprint = {1607.04415},
 keywords = {galaxies: active, galaxies: high-redshift, quasars: general},
     year = 2016,
    month = sep,
   volume = 829,
      eid = {33},
    pages = {33},
      doi = {10.3847/0004-637X/829/1/33},
   adsurl = {http://adsabs.harvard.edu/abs/2016ApJ...829...33Y},
  adsnote = {Provided by the SAO/NASA Astrophysics Data System}
}

@ARTICLE{2015AA...578A..83G,
   author = {{Giallongo}, E. and {Grazian}, A. and {Fiore}, F. and {Fontana}, A. and 
	{Pentericci}, L. and {Vanzella}, E. and {Dickinson}, M. and 
	{Kocevski}, D. and {Castellano}, M. and {Cristiani}, S. and 
	{Ferguson}, H. and {Finkelstein}, S. and {Grogin}, N. and {Hathi}, N. and 
	{Koekemoer}, A.~M. and {Newman}, J.~A. and {Salvato}, M.},
    title = "{Faint AGNs at z $\gt$ 4 in the CANDELS GOODS-S field: looking for contributors to the reionization of the Universe}",
  journal = {\aap},
archivePrefix = "arXiv",
   eprint = {1502.02562},
 keywords = {quasars: general, dark ages, reionization, first stars},
     year = 2015,
    month = jun,
   volume = 578,
      eid = {A83},
    pages = {A83},
      doi = {10.1051/0004-6361/201425334},
  adsnote = {Provided by the SAO/NASA Astrophysics Data System}
}

@ARTICLE{2008AJ....135.1057J,
   author = {{Jiang}, L. and {Fan}, X. and {Annis}, J. and {Becker}, R.~H. and 
	{White}, R.~L. and {Chiu}, K. and {Lin}, H. and {Lupton}, R.~H. and 
	{Richards}, G.~T. and {Strauss}, M.~A. and {Jester}, S. and 
	{Schneider}, D.~P.},
    title = "{A Survey of z \~{} 6 Quasars in the Sloan Digital Sky Survey Deep Stripe. I. A Flux-Limited Sample at z$_{AB}$ $\lt$ 21}",
  journal = {\aj},
archivePrefix = "arXiv",
   eprint = {0708.2578},
 keywords = {galaxies: active, quasars: emission lines, quasars: general},
     year = 2008,
    month = mar,
   volume = 135,
    pages = {1057-1066},
      doi = {10.1088/0004-6256/135/3/1057},
   adsurl = {http://adsabs.harvard.edu/abs/2008AJ....135.1057J},
  adsnote = {Provided by the SAO/NASA Astrophysics Data System}
}

@ARTICLE{2009AJ....138..305J,
   author = {{Jiang}, L. and {Fan}, X. and {Bian}, F. and {Annis}, J. and 
	{Chiu}, K. and {Jester}, S. and {Lin}, H. and {Lupton}, R.~H. and 
	{Richards}, G.~T. and {Strauss}, M.~A. and {Malanushenko}, V. and 
	{Malanushenko}, E. and {Schneider}, D.~P.},
    title = "{A Survey of z \~{} 6 Quasars in the Sloan Digital Sky Survey Deep Stripe. II. Discovery of Six Quasars at z $_{AB}$$\gt$21}",
  journal = {\aj},
archivePrefix = "arXiv",
   eprint = {0905.4126},
 keywords = {cosmology: observations, quasars: emission lines, quasars: general},
     year = 2009,
    month = jul,
   volume = 138,
    pages = {305-311},
      doi = {10.1088/0004-6256/138/1/305},
   adsurl = {http://adsabs.harvard.edu/abs/2009AJ....138..305J},
  adsnote = {Provided by the SAO/NASA Astrophysics Data System}
}

@ARTICLE{2016ApJ...833..222J,
   author = {{Jiang}, L. and {McGreer}, I.~D. and {Fan}, X. and {Strauss}, M.~A. and 
	{Ba{\~n}ados}, E. and {Becker}, R.~H. and {Bian}, F. and {Farnsworth}, K. and 
	{Shen}, Y. and {Wang}, F. and {Wang}, R. and {Wang}, S. and 
	{White}, R.~L. and {Wu}, J. and {Wu}, X.-B. and {Yang}, J. and 
	{Yang}, Q.},
    title = "{The Final SDSS High-redshift Quasar Sample of 52 Quasars at z$\gt$5.7}",
  journal = {\apj},
archivePrefix = "arXiv",
   eprint = {1610.05369},
 keywords = {galaxies: active, galaxies: high-redshift, quasars: emission lines, quasars: general },
     year = 2016,
    month = dec,
   volume = 833,
      eid = {222},
    pages = {222},
      doi = {10.3847/1538-4357/833/2/222},
   adsurl = {http://adsabs.harvard.edu/abs/2016ApJ...833..222J},
  adsnote = {Provided by the SAO/NASA Astrophysics Data System}
}

@ARTICLE{2006AJ....131.1203F,
   author = {{Fan}, X. and {Strauss}, M.~A. and {Richards}, G.~T. and {Hennawi}, J.~F. and 
	{Becker}, R.~H. and {White}, R.~L. and {Diamond-Stanic}, A.~M. and 
	{Donley}, J.~L. and {Jiang}, L. and {Kim}, J.~S. and {Vestergaard}, M. and 
	{Young}, J.~E. and {Gunn}, J.~E. and {Lupton}, R.~H. and {Knapp}, G.~R. and 
	{Schneider}, D.~P. and {Brandt}, W.~N. and {Bahcall}, N.~A. and 
	{Barentine}, J.~C. and {Brinkmann}, J. and {Brewington}, H.~J. and 
	{Fukugita}, M. and {Harvanek}, M. and {Kleinman}, S.~J. and 
	{Krzesinski}, J. and {Long}, D. and {Neilsen}, Jr., E.~H. and 
	{Nitta}, A. and {Snedden}, S.~A. and {Voges}, W.},
    title = "{A Survey of z$\gt$5.7 Quasars in the Sloan Digital Sky Survey. IV. Discovery of Seven Additional Quasars}",
  journal = {\aj},
   eprint = {astro-ph/0512080},
 keywords = {Galaxies: Quasars: Absorption Lines, Galaxies: Quasars: Emission Lines, Galaxies: Quasars: General},
     year = 2006,
    month = mar,
   volume = 131,
    pages = {1203-1209},
      doi = {10.1086/500296},
   adsurl = {http://adsabs.harvard.edu/abs/2006AJ....131.1203F},
  adsnote = {Provided by the SAO/NASA Astrophysics Data System}
}

@ARTICLE{2010AJ....139..906W,
   author = {{Willott}, C.~J. and {Delorme}, P. and {Reyl{\'e}}, C. and {Albert}, L. and 
	{Bergeron}, J. and {Crampton}, D. and {Delfosse}, X. and {Forveille}, T. and 
	{Hutchings}, J.~B. and {McLure}, R.~J. and {Omont}, A. and {Schade}, D.
	},
    title = "{The Canada-France High-z Quasar Survey: Nine New Quasars and the Luminosity Function at Redshift 6}",
  journal = {\aj},
archivePrefix = "arXiv",
   eprint = {0912.0281},
 keywords = {cosmology: observations, quasars: emission lines, quasars: general},
     year = 2010,
    month = mar,
   volume = 139,
    pages = {906-918},
      doi = {10.1088/0004-6256/139/3/906},
   adsurl = {http://adsabs.harvard.edu/abs/2010AJ....139..906W},
  adsnote = {Provided by the SAO/NASA Astrophysics Data System}
}

@ARTICLE{2015ApJ...798...28K,
   author = {{Kashikawa}, N. and {Ishizaki}, Y. and {Willott}, C.~J. and 
	{Onoue}, M. and {Im}, M. and {Furusawa}, H. and {Toshikawa}, J. and 
	{Ishikawa}, S. and {Niino}, Y. and {Shimasaku}, K. and {Ouchi}, M. and 
	{Hibon}, P.},
    title = "{The Subaru High-z Quasar Survey: Discovery of Faint z \~{} 6 Quasars}",
  journal = {\apj},
archivePrefix = "arXiv",
   eprint = {1410.7401},
 keywords = {cosmology: observations, quasars: emission lines, quasars: general},
     year = 2015,
    month = jan,
   volume = 798,
      eid = {28},
    pages = {28},
      doi = {10.1088/0004-637X/798/1/28},
   adsurl = {http://adsabs.harvard.edu/abs/2015ApJ...798...28K},
  adsnote = {Provided by the SAO/NASA Astrophysics Data System}
}

@ARTICLE{2001AJ....121...54F,
   author = {{Fan}, X. and {Strauss}, M.~A. and {Schneider}, D.~P. and {Gunn}, J.~E. and 
	{Lupton}, R.~H. and {Becker}, R.~H. and {Davis}, M. and {Newman}, J.~A. and 
	{Richards}, G.~T. and {White}, R.~L. and {Anderson}, Jr., J.~E. and 
	{Annis}, J. and {Bahcall}, N.~A. and {Brunner}, R.~J. and {Csabai}, I. and 
	{Hennessy}, G.~S. and {Hindsley}, R.~B. and {Fukugita}, M. and 
	{Kunszt}, P.~Z. and {Ivezi{\'c}}, {\v Z}. and {Knapp}, G.~R. and 
	{McKay}, T.~A. and {Munn}, J.~A. and {Pier}, J.~R. and {Szalay}, A.~S. and 
	{York}, D.~G.},
    title = "{High-Redshift Quasars Found in Sloan Digital Sky Survey Commissioning Data. IV. Luminosity Function from the Fall Equatorial Stripe Sample}",
  journal = {\aj},
   eprint = {astro-ph/0008123},
 keywords = {Galaxies: Luminosity Function, Mass Function, Galaxies: Quasars: General, Surveys},
     year = 2001,
    month = jan,
   volume = 121,
    pages = {54-65},
      doi = {10.1086/318033},
   adsurl = {http://adsabs.harvard.edu/abs/2001AJ....121...54F},
  adsnote = {Provided by the SAO/NASA Astrophysics Data System}
}

@ARTICLE{2015MNRAS.449.4204L,
   author = {{Lusso}, E. and {Worseck}, G. and {Hennawi}, J.~F. and {Prochaska}, J.~X. and 
	{Vignali}, C. and {Stern}, J. and {O'Meara}, J.~M.},
    title = "{The first ultraviolet quasar-stacked spectrum at z {\sime} 2.4 from WFC3}",
  journal = {\mnras},
archivePrefix = "arXiv",
   eprint = {1503.02075},
 keywords = {accretion, accretion discs, galaxies: active, quasars: general},
     year = 2015,
    month = jun,
   volume = 449,
    pages = {4204-4220},
      doi = {10.1093/mnras/stv516},
   adsurl = {http://adsabs.harvard.edu/abs/2015MNRAS.449.4204L},
  adsnote = {Provided by the SAO/NASA Astrophysics Data System}
}

@ARTICLE{2004ApJ...615..135S,
   author = {{Scott}, J.~E. and {Kriss}, G.~A. and {Brotherton}, M. and {Green}, R.~F. and 
	{Hutchings}, J. and {Shull}, J.~M. and {Zheng}, W.},
    title = "{A Composite Extreme-Ultraviolet QSO Spectrum from FUSE}",
  journal = {\apj},
   eprint = {astro-ph/0407203},
 keywords = {Galaxies: Quasars: General, Ultraviolet: Galaxies},
     year = 2004,
    month = nov,
   volume = 615,
    pages = {135-149},
      doi = {10.1086/422336},
   adsurl = {http://adsabs.harvard.edu/abs/2004ApJ...615..135S},
  adsnote = {Provided by the SAO/NASA Astrophysics Data System}
}

@ARTICLE{1983ApJ...266..713O,
   author = {{Oke}, J.~B. and {Gunn}, J.~E.},
    title = "{Secondary standard stars for absolute spectrophotometry}",
  journal = {\apj},
 keywords = {Reference Stars, Spectral Energy Distribution, Stellar Spectrophotometry, Subdwarf Stars, Calibrating, Line Spectra},
     year = 1983,
    month = mar,
   volume = 266,
    pages = {713-717},
      doi = {10.1086/160817},
   adsurl = {http://adsabs.harvard.edu/abs/1983ApJ...266..713O},
  adsnote = {Provided by the SAO/NASA Astrophysics Data System}
}

@ARTICLE{2012ApJ...746..125H,
   author = {{Haardt}, F. and {Madau}, P.},
    title = "{Radiative Transfer in a Clumpy Universe. IV. New Synthesis Models of the Cosmic UV/X-Ray Background}",
  journal = {\apj},
archivePrefix = "arXiv",
   eprint = {1105.2039},
 keywords = {cosmology: theory, diffuse radiation, intergalactic medium, galaxies: evolution, quasars: general},
     year = 2012,
    month = feb,
   volume = 746,
      eid = {125},
    pages = {125},
      doi = {10.1088/0004-637X/746/2/125},
   adsurl = {http://adsabs.harvard.edu/abs/2012ApJ...746..125H},
  adsnote = {Provided by the SAO/NASA Astrophysics Data System}
}

@BOOK{2006agna.book.....O,
   author = {{Osterbrock}, D.~E. and {Ferland}, G.~J.},
    title = "{Astrophysics of gaseous nebulae and active galactic nuclei}",
 keywords = {GASEOUS NEBULAE, PHOTOIONIZATION, THERMAL EQUILIBRIUM, EMISSION SPECTRA, INTERSTELLAR DUST, H II REGIONS, PLANETARY NEBULAE, SUPERNOVA REMNANTS, ACTIVE GALACTIC NUCLEI},
booktitle = {Astrophysics of gaseous nebulae and active galactic nuclei, 2nd.~ed.~by D.E.~Osterbrock and G.J.~Ferland.~Sausalito, CA: University Science Books, 2006},
     year = 2006,
   adsurl = {http://adsabs.harvard.edu/abs/2006agna.book.....O},
  adsnote = {Provided by the SAO/NASA Astrophysics Data System}
}

@ARTICLE{2014MNRAS.445.1745W,
   author = {{Worseck}, G. and {Prochaska}, J.~X. and {O'Meara}, J.~M. and 
	{Becker}, G.~D. and {Ellison}, S.~L. and {Lopez}, S. and {Meiksin}, A. and 
	{M{\'e}nard}, B. and {Murphy}, M.~T. and {Fumagalli}, M.},
    title = "{The Giant Gemini GMOS survey of z$_{em}$ $\gt$ 4.4 quasars - I. Measuring the mean free path across cosmic time}",
  journal = {\mnras},
archivePrefix = "arXiv",
   eprint = {1402.4154},
 keywords = {galaxies: formation, intergalactic medium, quasars: absorption lines, dark ages, reionization, first stars, diffuse radiation},
     year = 2014,
    month = dec,
   volume = 445,
    pages = {1745-1760},
      doi = {10.1093/mnras/stu1827},
   adsurl = {http://adsabs.harvard.edu/abs/2014MNRAS.445.1745W},
  adsnote = {Provided by the SAO/NASA Astrophysics Data System}
}

@ARTICLE{2013MNRAS.436.1023B,
   author = {{Becker}, G.~D. and {Bolton}, J.~S.},
    title = "{New measurements of the ionizing ultraviolet background over 2 $\lt$ z $\lt$ 5 and implications for hydrogen reionization}",
  journal = {\mnras},
archivePrefix = "arXiv",
   eprint = {1307.2259},
 keywords = {galaxies: high-redshift, intergalactic medium, quasars: absorption lines, cosmic background radiation, cosmology: observations, dark ages, reionization, first stars},
     year = 2013,
    month = dec,
   volume = 436,
    pages = {1023-1039},
      doi = {10.1093/mnras/stt1610},
   adsurl = {http://adsabs.harvard.edu/abs/2013MNRAS.436.1023B},
  adsnote = {Provided by the SAO/NASA Astrophysics Data System}
}

@ARTICLE{1988MNRAS.235..935B,
   author = {{Boyle}, B.~J. and {Shanks}, T. and {Peterson}, B.~A.},
    title = "{The evolution of optically selected QSOs. II}",
  journal = {\mnras},
 keywords = {Astronomical Spectroscopy, Luminosity, Quasars, Astronomical Catalogs, Magnitude, Maximum Likelihood Estimates},
     year = 1988,
    month = dec,
   volume = 235,
    pages = {935-948},
      doi = {10.1093/mnras/235.3.935},
   adsurl = {http://adsabs.harvard.edu/abs/1988MNRAS.235..935B},
  adsnote = {Provided by the SAO/NASA Astrophysics Data System}
}

@ARTICLE{1995ApJ...438..623P,
   author = {{Pei}, Y.~C.},
    title = "{The luminosity function of quasars}",
  journal = {\apj},
 keywords = {Astronomical Models, Cosmology, Quasars, Stellar Evolution, Stellar Luminosity, Abundance, Extrapolation, Red Shift, Sky Surveys (Astronomy), Spatial Distribution, Stellar Magnitude},
     year = 1995,
    month = jan,
   volume = 438,
    pages = {623-631},
      doi = {10.1086/175105},
   adsurl = {http://adsabs.harvard.edu/abs/1995ApJ...438..623P},
  adsnote = {Provided by the SAO/NASA Astrophysics Data System}
}

@ARTICLE{2000MNRAS.317.1014B,
   author = {{Boyle}, B.~J. and {Shanks}, T. and {Croom}, S.~M. and {Smith}, R.~J. and 
	{Miller}, L. and {Loaring}, N. and {Heymans}, C.},
    title = "{The 2dF QSO Redshift Survey - I. The optical luminosity function of quasi-stellar objects}",
  journal = {\mnras},
   eprint = {astro-ph/0005368},
 keywords = {METHODS: DATA ANALYSIS, SURVEYS, GALAXIES: ACTIVE, GALAXIES: FUNDAMENTAL PARAMETERS, QUASARS: GENERAL, COSMOLOGY: OBSERVATIONS},
     year = 2000,
    month = oct,
   volume = 317,
    pages = {1014-1022},
      doi = {10.1046/j.1365-8711.2000.03730.x},
   adsurl = {http://adsabs.harvard.edu/abs/2000MNRAS.317.1014B},
  adsnote = {Provided by the SAO/NASA Astrophysics Data System}
}

@ARTICLE{1983ApJ...269...35M,
   author = {{Marshall}, H.~L. and {Tananbaum}, H. and {Avni}, Y. and {Zamorani}, G.
	},
    title = "{Analysis of complete quasar samples to obtain parameters of luminosity and evolution functions}",
  journal = {\apj},
 keywords = {Luminosity, Quasars, X Ray Astronomy, Astronomical Models, Confidence Limits, Evolution (Development), Maximum Likelihood Estimates, Red Shift},
     year = 1983,
    month = jun,
   volume = 269,
    pages = {35-41},
      doi = {10.1086/161016},
   adsurl = {http://adsabs.harvard.edu/abs/1983ApJ...269...35M},
  adsnote = {Provided by the SAO/NASA Astrophysics Data System}
}
